<?xml version="1.0" encoding="UTF-8"?>
<record>
  <leader>01887nas a2200445 c 4500</leader>
  <controlfield tag="001">99370694196806441</controlfield>
  <controlfield tag="005">20230512094935.0</controlfield>
  <controlfield tag="007">cr||||||||||||</controlfield>
  <controlfield tag="008">120703c20129999gw u||p|o ||| 0||||1ger c</controlfield>
  <datafield tag="016" ind1="7" ind2=" ">
    <subfield code="2">DE-101</subfield>
    <subfield code="a">1023896001</subfield>
  </datafield>
  <datafield tag="016" ind1="7" ind2=" ">
    <subfield code="2">DE-600</subfield>
    <subfield code="a">2669828-6</subfield>
  </datafield>
  <datafield tag="024" ind1="7" ind2=" ">
    <subfield code="2">urn</subfield>
    <subfield code="a">urn:nbn:de:hbz:5:2-53272</subfield>
  </datafield>
  <datafield tag="035" ind1=" " ind2=" ">
    <subfield code="a">(CKB)3790000000121582</subfield>
  </datafield>
  <datafield tag="035" ind1=" " ind2=" ">
    <subfield code="a">(DE-599)ZDB2669828-6</subfield>
  </datafield>
  <datafield tag="035" ind1=" " ind2=" ">
    <subfield code="a">(OCoLC)1184493801</subfield>
  </datafield>
  <datafield tag="035" ind1=" " ind2=" ">
    <subfield code="a">(OCoLC)802544307</subfield>
  </datafield>
  <datafield tag="035" ind1=" " ind2=" ">
    <subfield code="a">(DE-101)1023896001</subfield>
  </datafield>
  <datafield tag="035" ind1=" " ind2=" ">
    <subfield code="a">(EXLCZ)993790000000121582</subfield>
  </datafield>
  <datafield tag="040" ind1=" " ind2=" ">
    <subfield code="a">4011</subfield>
    <subfield code="b">ger</subfield>
    <subfield code="c">DE-101</subfield>
    <subfield code="d">0005</subfield>
  </datafield>
  <datafield tag="041" ind1=" " ind2=" ">
    <subfield code="a">ger</subfield>
  </datafield>
  <datafield tag="044" ind1=" " ind2=" ">
    <subfield code="c">XA-DE</subfield>
  </datafield>
  <datafield tag="082" ind1="7" ind2="4">
    <subfield code="a">700</subfield>
    <subfield code="q">DE-600</subfield>
    <subfield code="2">22sdnb</subfield>
  </datafield>
  <datafield tag="245" ind1="0" ind2="0">
    <subfield code="a">Rheinform</subfield>
    <subfield code="b">Informationen für die rheinischen Museen</subfield>
    <subfield code="c">Hrsg.: Landschaftsverband Rheinland, LVR-Dezernat Kultur und Umwelt</subfield>
  </datafield>
  <datafield tag="246" ind1="3" ind2=" ">
    <subfield code="a">Informationen für die rheinischen Museen</subfield>
  </datafield>
  <datafield tag="264" ind1="3" ind2="1">
    <subfield code="a">Köln-Deutz</subfield>
    <subfield code="b">LVR-Dezernat Kultur und Umwelt</subfield>
    <subfield code="c">2012-</subfield>
  </datafield>
  <datafield tag="300" ind1=" " ind2=" ">
    <subfield code="a">Online-Ressource</subfield>
  </datafield>
  <datafield tag="336" ind1=" " ind2=" ">
    <subfield code="a">Text</subfield>
    <subfield code="b">txt</subfield>
    <subfield code="2">rdacontent</subfield>
  </datafield>
  <datafield tag="337" ind1=" " ind2=" ">
    <subfield code="a">Computermedien</subfield>
    <subfield code="b">c</subfield>
    <subfield code="2">rdamedia</subfield>
  </datafield>
  <datafield tag="338" ind1=" " ind2=" ">
    <subfield code="a">Online-Ressource</subfield>
    <subfield code="b">cr</subfield>
    <subfield code="2">rdacarrier</subfield>
  </datafield>
  <datafield tag="362" ind1="0" ind2=" ">
    <subfield code="a">1.2012 -</subfield>
  </datafield>
  <datafield tag="363" ind1="0" ind2="1">
    <subfield code="8">1.1\x</subfield>
    <subfield code="a">1</subfield>
    <subfield code="i">2012</subfield>
  </datafield>
  <datafield tag="500" ind1=" " ind2=" ">
    <subfield code="a">Gesehen am 02.07.2012</subfield>
  </datafield>
  <datafield tag="650" ind1=" " ind2="7">
    <subfield code="0">(DE-588)4040795-0</subfield>
    <subfield code="0">https://d-nb.info/gnd/4040795-0</subfield>
    <subfield code="0">(DE-101)040407950</subfield>
    <subfield code="a">Museum</subfield>
    <subfield code="2">gnd</subfield>
    <subfield code="0">https://portal.dnb.de/opac.htm?method=simpleSearch&amp;cqlMode=true&amp;query=idn=040407950</subfield>
    <subfield code="0">http://viaf.org/viaf/sourceID/DNB|040407950</subfield>
    <subfield code="B">GND-040407950</subfield>
  </datafield>
  <datafield tag="651" ind1=" " ind2="7">
    <subfield code="0">(DE-588)4049788-4</subfield>
    <subfield code="0">https://d-nb.info/gnd/4049788-4</subfield>
    <subfield code="0">(DE-101)040497887</subfield>
    <subfield code="a">Rheinland</subfield>
    <subfield code="2">gnd</subfield>
    <subfield code="0">https://portal.dnb.de/opac.htm?method=simpleSearch&amp;cqlMode=true&amp;query=idn=040497887</subfield>
    <subfield code="0">http://viaf.org/viaf/sourceID/DNB|040497887</subfield>
    <subfield code="B">GND-040497887</subfield>
  </datafield>
  <datafield tag="655" ind1=" " ind2="7">
    <subfield code="0">(DE-588)4067488-5</subfield>
    <subfield code="0">https://d-nb.info/gnd/4067488-5</subfield>
    <subfield code="0">(DE-101)040674886</subfield>
    <subfield code="a">Zeitschrift</subfield>
    <subfield code="2">gnd-content</subfield>
  </datafield>
  <datafield tag="689" ind1="0" ind2="0">
    <subfield code="0">(DE-588)4049788-4</subfield>
    <subfield code="0">https://d-nb.info/gnd/4049788-4</subfield>
    <subfield code="0">(DE-101)040497887</subfield>
    <subfield code="D">g</subfield>
    <subfield code="a">Rheinland</subfield>
    <subfield code="0">https://portal.dnb.de/opac.htm?method=simpleSearch&amp;cqlMode=true&amp;query=idn=040497887</subfield>
    <subfield code="0">http://viaf.org/viaf/sourceID/DNB|040497887</subfield>
    <subfield code="B">GND-040497887</subfield>
  </datafield>
  <datafield tag="689" ind1="0" ind2="1">
    <subfield code="0">(DE-588)4040795-0</subfield>
    <subfield code="0">https://d-nb.info/gnd/4040795-0</subfield>
    <subfield code="0">(DE-101)040407950</subfield>
    <subfield code="D">s</subfield>
    <subfield code="a">Museum</subfield>
    <subfield code="0">https://portal.dnb.de/opac.htm?method=simpleSearch&amp;cqlMode=true&amp;query=idn=040407950</subfield>
    <subfield code="0">http://viaf.org/viaf/sourceID/DNB|040407950</subfield>
    <subfield code="B">GND-040407950</subfield>
  </datafield>
  <datafield tag="689" ind1="0" ind2=" ">
    <subfield code="5">DE-61</subfield>
    <subfield code="5">DE-605</subfield>
  </datafield>
  <datafield tag="710" ind1="1" ind2=" ">
    <subfield code="0">(DE-588)5180261-2</subfield>
    <subfield code="0">https://d-nb.info/gnd/5180261-2</subfield>
    <subfield code="0">(DE-101)94836338X</subfield>
    <subfield code="a">Landschaftsverband Rheinland</subfield>
    <subfield code="b">Archiv- und Museumsamt</subfield>
    <subfield code="e">Herausgebendes Organ</subfield>
    <subfield code="4">isb</subfield>
    <subfield code="2">gnd</subfield>
    <subfield code="0">https://portal.dnb.de/opac.htm?method=simpleSearch&amp;cqlMode=true&amp;query=idn=94836338X</subfield>
    <subfield code="0">http://viaf.org/viaf/sourceID/DNB|94836338X</subfield>
    <subfield code="B">GND-94836338X</subfield>
  </datafield>
  <datafield tag="850" ind1=" " ind2=" ">
    <subfield code="a">DE-101a</subfield>
    <subfield code="a">DE-101b</subfield>
  </datafield>
  <datafield tag="906" ind1=" " ind2=" ">
    <subfield code="a">JOURNAL</subfield>
  </datafield>
  <datafield tag="MBD" ind1=" " ind2=" ">
    <subfield code="M">49HBZ_NETWORK</subfield>
    <subfield code="i">99370694196806441</subfield>
    <subfield code="n">HBZ Network</subfield>
  </datafield>
  <datafield tag="MBD" ind1=" " ind2=" ">
    <subfield code="M">49HBZ_ZBS</subfield>
    <subfield code="i">998470177306478</subfield>
    <subfield code="n">Deutsche Sporthochschule Köln</subfield>
  </datafield>
  <datafield tag="MBD" ind1=" " ind2=" ">
    <subfield code="M">49HBZ_FUH</subfield>
    <subfield code="i">99381835239006464</subfield>
    <subfield code="n">Fernuniversität Hagen</subfield>
  </datafield>
  <datafield tag="MBD" ind1=" " ind2=" ">
    <subfield code="M">49HBZ_RTU</subfield>
    <subfield code="i">992022040085807476</subfield>
    <subfield code="n">RPTU Kaiserslautern-Landau</subfield>
  </datafield>
  <datafield tag="MBD" ind1=" " ind2=" ">
    <subfield code="M">49HBZ_ULB</subfield>
    <subfield code="i">991045220310806467</subfield>
    <subfield code="n">Universitaet Bonn</subfield>
  </datafield>
  <datafield tag="MBD" ind1=" " ind2=" ">
    <subfield code="M">49HBZ_UDE</subfield>
    <subfield code="i">99206359543306446</subfield>
    <subfield code="n">Universität Duisburg-Essen</subfield>
  </datafield>
  <datafield tag="MBD" ind1=" " ind2=" ">
    <subfield code="M">49HBZ_DUE</subfield>
    <subfield code="i">9947418435006443</subfield>
    <subfield code="n">Universität Düsseldorf</subfield>
  </datafield>
  <datafield tag="MBD" ind1=" " ind2=" ">
    <subfield code="M">49HBZ_ULM</subfield>
    <subfield code="i">991044844301206449</subfield>
    <subfield code="n">Universität Münster</subfield>
  </datafield>
  <datafield tag="MBD" ind1=" " ind2=" ">
    <subfield code="M">49HBZ_PAD</subfield>
    <subfield code="i">9925048677906463</subfield>
    <subfield code="n">Universitätsbibliothek Paderborn</subfield>
  </datafield>
  <datafield tag="MNG" ind1=" " ind2=" ">
    <subfield code="c">system</subfield>
    <subfield code="f">CKB</subfield>
    <subfield code="i">marc21</subfield>
    <subfield code="e">false</subfield>
    <subfield code="d">2023-05-14 01:07:25 Europe/Berlin</subfield>
    <subfield code="g">993790000000121582</subfield>
    <subfield code="a">CKB</subfield>
    <subfield code="b">2021-04-19 22:24:55 Europe/Berlin</subfield>
  </datafield>
  <datafield tag="POR" ind1=" " ind2=" ">
    <subfield code="j">Ezb</subfield>
    <subfield code="x">System</subfield>
    <subfield code="a">5327764320006478</subfield>
    <subfield code="M">49HBZ_ZBS</subfield>
    <subfield code="p">6127036270006478</subfield>
    <subfield code="q">EZB-FREE-00999 freely available EZB journals</subfield>
    <subfield code="c">param</subfield>
    <subfield code="o">615280000000001088</subfield>
    <subfield code="y">2023-08-14 14:10:42 Europe/Berlin</subfield>
    <subfield code="w">2023-08-14 14:10:26 Europe/Berlin</subfield>
    <subfield code="D">https://eu04.alma.exlibrisgroup.com/view/uresolver/49HBZ_NETWORK/openurl?u.ignore_date_coverage=true&amp;portfolio_pid=5327764320006478&amp;Force_direct=true</subfield>
    <subfield code="v">NON_SFX_CREATOR</subfield>
    <subfield code="z">2023-08-14 12:10:26</subfield>
    <subfield code="n"> Available from 2012 volume: 1 issue: 1.</subfield>
    <subfield code="i">false</subfield>
    <subfield code="S">6227036260006478</subfield>
    <subfield code="d">https://hbz-network.userservices.exlibrisgroup.com/view/uresolver/49HBZ_NETWORK/openurl?u.ignore_date_coverage=true&amp;rft.mms_id=998470177306478</subfield>
    <subfield code="b">Available</subfield>
    <subfield code="f">JOURNAL</subfield>
    <subfield code="8">5327764320006478</subfield>
  </datafield>
  <datafield tag="POC" ind1=" " ind2=" ">
    <subfield code="a">5327764320006478</subfield>
    <subfield code="b">2012</subfield>
    <subfield code="d">1</subfield>
    <subfield code="f">1</subfield>
    <subfield code="h">1</subfield>
    <subfield code="j">1</subfield>
  </datafield>
  <datafield tag="POR" ind1=" " ind2=" ">
    <subfield code="j">Ezb</subfield>
    <subfield code="x">System</subfield>
    <subfield code="a">53139375350006464</subfield>
    <subfield code="h">EZProxy</subfield>
    <subfield code="M">49HBZ_FUH</subfield>
    <subfield code="p">61136607210006464</subfield>
    <subfield code="q">EZB-FREE-00999 freely available EZB journals</subfield>
    <subfield code="c">param</subfield>
    <subfield code="o">615280000000001088</subfield>
    <subfield code="y">2022-07-05 10:23:16 Europe/Berlin</subfield>
    <subfield code="w">2022-07-05 10:23:10 Europe/Berlin</subfield>
    <subfield code="D">https://eu04.alma.exlibrisgroup.com/view/uresolver/49HBZ_NETWORK/openurl?u.ignore_date_coverage=true&amp;portfolio_pid=53139375350006464&amp;Force_direct=true</subfield>
    <subfield code="v">NON_SFX_CREATOR</subfield>
    <subfield code="z">2022-07-05 08:23:10</subfield>
    <subfield code="n"> Available from 2012 volume: 1 issue: 1.</subfield>
    <subfield code="i">true</subfield>
    <subfield code="S">62136607200006464</subfield>
    <subfield code="d">https://hbz-network.userservices.exlibrisgroup.com/view/uresolver/49HBZ_NETWORK/openurl?u.ignore_date_coverage=true&amp;rft.mms_id=99381835239006464</subfield>
    <subfield code="b">Available</subfield>
    <subfield code="f">JOURNAL</subfield>
    <subfield code="8">53139375350006464</subfield>
  </datafield>
  <datafield tag="POC" ind1=" " ind2=" ">
    <subfield code="a">53139375350006464</subfield>
    <subfield code="b">2012</subfield>
    <subfield code="d">1</subfield>
    <subfield code="f">1</subfield>
    <subfield code="h">1</subfield>
    <subfield code="j">1</subfield>
  </datafield>
  <datafield tag="POR" ind1=" " ind2=" ">
    <subfield code="j">Ezb</subfield>
    <subfield code="x">System</subfield>
    <subfield code="a">53118379390007476</subfield>
    <subfield code="M">49HBZ_RTU</subfield>
    <subfield code="p">61116949210007476</subfield>
    <subfield code="q">Frei zugängliche E-Journals (Freely available e-journals)</subfield>
    <subfield code="c">param</subfield>
    <subfield code="o">615280000000001088</subfield>
    <subfield code="y">2022-09-21 11:53:08 Europe/Berlin</subfield>
    <subfield code="w">2022-09-21 11:53:08 Europe/Berlin</subfield>
    <subfield code="D">https://eu04.alma.exlibrisgroup.com/view/uresolver/49HBZ_NETWORK/openurl?u.ignore_date_coverage=true&amp;portfolio_pid=53118379390007476&amp;Force_direct=true</subfield>
    <subfield code="v">System</subfield>
    <subfield code="z">2022-09-21 09:53:08</subfield>
    <subfield code="n"> Available from 2012 volume: 1 issue: 1.</subfield>
    <subfield code="i">false</subfield>
    <subfield code="S">62116949200007476</subfield>
    <subfield code="d">https://hbz-network.userservices.exlibrisgroup.com/view/uresolver/49HBZ_NETWORK/openurl?u.ignore_date_coverage=true&amp;rft.mms_id=992022040085807476</subfield>
    <subfield code="b">Available</subfield>
    <subfield code="f">JOURNAL</subfield>
    <subfield code="8">53118379390007476</subfield>
  </datafield>
  <datafield tag="POC" ind1=" " ind2=" ">
    <subfield code="a">53118379390007476</subfield>
    <subfield code="b">2012</subfield>
    <subfield code="d">1</subfield>
    <subfield code="f">1</subfield>
    <subfield code="h">1</subfield>
    <subfield code="j">1</subfield>
  </datafield>
  <datafield tag="POR" ind1=" " ind2=" ">
    <subfield code="j">Ezb</subfield>
    <subfield code="x">System</subfield>
    <subfield code="a">53333829220006467</subfield>
    <subfield code="M">49HBZ_ULB</subfield>
    <subfield code="p">61320827360006467</subfield>
    <subfield code="q">EZB-FREE-00999 freely available EZB journals</subfield>
    <subfield code="c">param</subfield>
    <subfield code="o">615280000000001088</subfield>
    <subfield code="y">2023-07-25 18:49:29 Europe/Berlin</subfield>
    <subfield code="w">2023-07-25 18:49:18 Europe/Berlin</subfield>
    <subfield code="D">https://eu04.alma.exlibrisgroup.com/view/uresolver/49HBZ_NETWORK/openurl?u.ignore_date_coverage=true&amp;portfolio_pid=53333829220006467&amp;Force_direct=true</subfield>
    <subfield code="v">NON_SFX_CREATOR</subfield>
    <subfield code="z">2023-07-25 16:49:18</subfield>
    <subfield code="n"> Available from 2012 volume: 1 issue: 1.</subfield>
    <subfield code="i">false</subfield>
    <subfield code="S">62320827350006467</subfield>
    <subfield code="d">https://hbz-network.userservices.exlibrisgroup.com/view/uresolver/49HBZ_NETWORK/openurl?u.ignore_date_coverage=true&amp;rft.mms_id=991045220310806467</subfield>
    <subfield code="b">Available</subfield>
    <subfield code="f">JOURNAL</subfield>
    <subfield code="8">53333829220006467</subfield>
  </datafield>
  <datafield tag="POC" ind1=" " ind2=" ">
    <subfield code="a">53333829220006467</subfield>
    <subfield code="b">2012</subfield>
    <subfield code="d">1</subfield>
    <subfield code="f">1</subfield>
    <subfield code="h">1</subfield>
    <subfield code="j">1</subfield>
  </datafield>
  <datafield tag="POR" ind1=" " ind2=" ">
    <subfield code="j">Ezb</subfield>
    <subfield code="x">System</subfield>
    <subfield code="a">53440125350006446</subfield>
    <subfield code="M">49HBZ_UDE</subfield>
    <subfield code="p">61436539580006446</subfield>
    <subfield code="q">Zu den frei zugänglichen Zeitschriften aus der EZB</subfield>
    <subfield code="c">param</subfield>
    <subfield code="o">615280000000001088</subfield>
    <subfield code="y">2021-04-16 15:49:34 Europe/Berlin</subfield>
    <subfield code="w">2021-04-16 15:49:28 Europe/Berlin</subfield>
    <subfield code="D">https://eu04.alma.exlibrisgroup.com/view/uresolver/49HBZ_NETWORK/openurl?u.ignore_date_coverage=true&amp;portfolio_pid=53440125350006446&amp;Force_direct=true</subfield>
    <subfield code="v">NON_SFX_CREATOR</subfield>
    <subfield code="z">2021-04-16 13:49:28</subfield>
    <subfield code="n"> Available from 2012 volume: 1 issue: 1.</subfield>
    <subfield code="i">false</subfield>
    <subfield code="S">62436539570006446</subfield>
    <subfield code="d">https://hbz-network.userservices.exlibrisgroup.com/view/uresolver/49HBZ_NETWORK/openurl?u.ignore_date_coverage=true&amp;rft.mms_id=99206359543306446</subfield>
    <subfield code="b">Available</subfield>
    <subfield code="f">JOURNAL</subfield>
    <subfield code="8">53440125350006446</subfield>
  </datafield>
  <datafield tag="POC" ind1=" " ind2=" ">
    <subfield code="a">53440125350006446</subfield>
    <subfield code="b">2012</subfield>
    <subfield code="d">1</subfield>
    <subfield code="f">1</subfield>
    <subfield code="h">1</subfield>
    <subfield code="j">1</subfield>
  </datafield>
  <datafield tag="POR" ind1=" " ind2=" ">
    <subfield code="j">Ezb</subfield>
    <subfield code="x">System</subfield>
    <subfield code="a">53354279680006443</subfield>
    <subfield code="M">49HBZ_DUE</subfield>
    <subfield code="p">61352426420006443</subfield>
    <subfield code="q">EZB-FREE-00999 freely available EZB journals</subfield>
    <subfield code="c">param</subfield>
    <subfield code="o">615280000000001088</subfield>
    <subfield code="y">2022-04-22 09:05:28 Europe/Berlin</subfield>
    <subfield code="w">2022-04-22 09:05:28 Europe/Berlin</subfield>
    <subfield code="D">https://eu04.alma.exlibrisgroup.com/view/uresolver/49HBZ_NETWORK/openurl?u.ignore_date_coverage=true&amp;portfolio_pid=53354279680006443&amp;Force_direct=true</subfield>
    <subfield code="v">System</subfield>
    <subfield code="z">2022-04-22 07:05:28</subfield>
    <subfield code="n"> Available from 2012 volume: 1 issue: 1.</subfield>
    <subfield code="i">false</subfield>
    <subfield code="S">62352426410006443</subfield>
    <subfield code="d">https://hbz-network.userservices.exlibrisgroup.com/view/uresolver/49HBZ_NETWORK/openurl?u.ignore_date_coverage=true&amp;rft.mms_id=9947418435006443</subfield>
    <subfield code="b">Available</subfield>
    <subfield code="f">JOURNAL</subfield>
    <subfield code="8">53354279680006443</subfield>
  </datafield>
  <datafield tag="POC" ind1=" " ind2=" ">
    <subfield code="a">53354279680006443</subfield>
    <subfield code="b">2012</subfield>
    <subfield code="d">1</subfield>
    <subfield code="f">1</subfield>
    <subfield code="h">1</subfield>
    <subfield code="j">1</subfield>
  </datafield>
  <datafield tag="POR" ind1=" " ind2=" ">
    <subfield code="j">Ezb</subfield>
    <subfield code="x">System</subfield>
    <subfield code="a">53630052410006449</subfield>
    <subfield code="M">49HBZ_ULM</subfield>
    <subfield code="p">61626439470006449</subfield>
    <subfield code="q">EZB-FREE-00999 freely available EZB journals</subfield>
    <subfield code="c">param</subfield>
    <subfield code="o">615280000000001088</subfield>
    <subfield code="y">2022-07-19 22:25:56 Europe/Berlin</subfield>
    <subfield code="w">2022-07-19 22:25:50 Europe/Berlin</subfield>
    <subfield code="D">https://eu04.alma.exlibrisgroup.com/view/uresolver/49HBZ_NETWORK/openurl?u.ignore_date_coverage=true&amp;portfolio_pid=53630052410006449&amp;Force_direct=true</subfield>
    <subfield code="v">NON_SFX_CREATOR</subfield>
    <subfield code="z">2022-07-19 20:25:50</subfield>
    <subfield code="n"> Available from 2012 volume: 1 issue: 1.</subfield>
    <subfield code="i">false</subfield>
    <subfield code="S">62626439460006449</subfield>
    <subfield code="d">https://hbz-network.userservices.exlibrisgroup.com/view/uresolver/49HBZ_NETWORK/openurl?u.ignore_date_coverage=true&amp;rft.mms_id=991044844301206449</subfield>
    <subfield code="b">Available</subfield>
    <subfield code="f">JOURNAL</subfield>
    <subfield code="8">53630052410006449</subfield>
  </datafield>
  <datafield tag="POC" ind1=" " ind2=" ">
    <subfield code="a">53630052410006449</subfield>
    <subfield code="b">2012</subfield>
    <subfield code="d">1</subfield>
    <subfield code="f">1</subfield>
    <subfield code="h">1</subfield>
    <subfield code="j">1</subfield>
  </datafield>
  <datafield tag="POR" ind1=" " ind2=" ">
    <subfield code="j">Ezb</subfield>
    <subfield code="x">System</subfield>
    <subfield code="a">53174376380006463</subfield>
    <subfield code="M">49HBZ_PAD</subfield>
    <subfield code="p">61165839590006463</subfield>
    <subfield code="q">In der EZB frei verfügbare Zeitschriften</subfield>
    <subfield code="c">param</subfield>
    <subfield code="o">615280000000001088</subfield>
    <subfield code="y">2022-08-03 12:09:22 Europe/Berlin</subfield>
    <subfield code="w">2022-08-03 12:09:21 Europe/Berlin</subfield>
    <subfield code="D">https://eu04.alma.exlibrisgroup.com/view/uresolver/49HBZ_NETWORK/openurl?u.ignore_date_coverage=true&amp;portfolio_pid=53174376380006463&amp;Force_direct=true</subfield>
    <subfield code="v">System</subfield>
    <subfield code="z">2022-08-03 10:09:21</subfield>
    <subfield code="n"> Available from 2012 volume: 1 issue: 1.</subfield>
    <subfield code="i">false</subfield>
    <subfield code="S">62165839580006463</subfield>
    <subfield code="d">https://hbz-network.userservices.exlibrisgroup.com/view/uresolver/49HBZ_NETWORK/openurl?u.ignore_date_coverage=true&amp;rft.mms_id=9925048677906463</subfield>
    <subfield code="b">Available</subfield>
    <subfield code="f">JOURNAL</subfield>
    <subfield code="8">53174376380006463</subfield>
  </datafield>
  <datafield tag="POC" ind1=" " ind2=" ">
    <subfield code="a">53174376380006463</subfield>
    <subfield code="b">2012</subfield>
    <subfield code="d">1</subfield>
    <subfield code="f">1</subfield>
    <subfield code="h">1</subfield>
    <subfield code="j">1</subfield>
  </datafield>
  <datafield tag="GST" ind1=" " ind2=" ">
    <subfield code="a">Öffentliche Sammlung</subfield>
    <subfield code="g">Museum</subfield>
    <subfield code="A">GND</subfield>
    <subfield code="B">GND-040407950</subfield>
    <subfield code="C">450</subfield>
  </datafield>
  <datafield tag="GST" ind1=" " ind2=" ">
    <subfield code="a">Museen</subfield>
    <subfield code="A">GND</subfield>
    <subfield code="B">GND-040407950</subfield>
    <subfield code="C">450</subfield>
  </datafield>
  <datafield tag="GSI" ind1="7" ind2=" ">
    <subfield code="a">4040795-0</subfield>
    <subfield code="0">http://d-nb.info/gnd/4040795-0</subfield>
    <subfield code="2">gnd</subfield>
    <subfield code="A">GND</subfield>
    <subfield code="B">GND-040407950</subfield>
    <subfield code="C">024</subfield>
  </datafield>
  <datafield tag="GSI" ind1="7" ind2=" ">
    <subfield code="a">4049788-4</subfield>
    <subfield code="0">http://d-nb.info/gnd/4049788-4</subfield>
    <subfield code="2">gnd</subfield>
    <subfield code="A">GND</subfield>
    <subfield code="B">GND-040497887</subfield>
    <subfield code="C">024</subfield>
  </datafield>
  <datafield tag="GGN" ind1=" " ind2=" ">
    <subfield code="a">Rheinlande</subfield>
    <subfield code="g">im engeren Sinn</subfield>
    <subfield code="9">v:B unter Rheinlande</subfield>
    <subfield code="A">GND</subfield>
    <subfield code="B">GND-040497887</subfield>
    <subfield code="C">451</subfield>
  </datafield>
  <datafield tag="GST" ind1=" " ind2=" ">
    <subfield code="a">Öffentliche Sammlung</subfield>
    <subfield code="g">Museum</subfield>
    <subfield code="A">GND</subfield>
    <subfield code="B">GND-040407950</subfield>
    <subfield code="C">450</subfield>
  </datafield>
  <datafield tag="GST" ind1=" " ind2=" ">
    <subfield code="a">Museen</subfield>
    <subfield code="A">GND</subfield>
    <subfield code="B">GND-040407950</subfield>
    <subfield code="C">450</subfield>
  </datafield>
  <datafield tag="GSI" ind1="7" ind2=" ">
    <subfield code="a">4040795-0</subfield>
    <subfield code="0">http://d-nb.info/gnd/4040795-0</subfield>
    <subfield code="2">gnd</subfield>
    <subfield code="A">GND</subfield>
    <subfield code="B">GND-040407950</subfield>
    <subfield code="C">024</subfield>
  </datafield>
  <datafield tag="GSI" ind1="7" ind2=" ">
    <subfield code="a">4049788-4</subfield>
    <subfield code="0">http://d-nb.info/gnd/4049788-4</subfield>
    <subfield code="2">gnd</subfield>
    <subfield code="A">GND</subfield>
    <subfield code="B">GND-040497887</subfield>
    <subfield code="C">024</subfield>
  </datafield>
  <datafield tag="GGN" ind1=" " ind2=" ">
    <subfield code="a">Rheinlande</subfield>
    <subfield code="g">im engeren Sinn</subfield>
    <subfield code="9">v:B unter Rheinlande</subfield>
    <subfield code="A">GND</subfield>
    <subfield code="B">GND-040497887</subfield>
    <subfield code="C">451</subfield>
  </datafield>
  <datafield tag="GKT" ind1="2" ind2=" ">
    <subfield code="a">Rheinisches Archiv- und Museumsamt</subfield>
    <subfield code="A">GND</subfield>
    <subfield code="B">GND-94836338X</subfield>
    <subfield code="C">410</subfield>
  </datafield>
  <datafield tag="GKT" ind1="2" ind2=" ">
    <subfield code="a">Archiv- und Museumsamt</subfield>
    <subfield code="g">Landschaftsverband Rheinland</subfield>
    <subfield code="A">GND</subfield>
    <subfield code="B">GND-94836338X</subfield>
    <subfield code="C">410</subfield>
  </datafield>
  <datafield tag="GKT" ind1="1" ind2=" ">
    <subfield code="a">Landschaftsverband Rheinland</subfield>
    <subfield code="b">Archiv- und Museumsamt</subfield>
    <subfield code="b">Abteilung Museumsberatung</subfield>
    <subfield code="A">GND</subfield>
    <subfield code="B">GND-94836338X</subfield>
    <subfield code="C">410</subfield>
  </datafield>
  <datafield tag="GKT" ind1="1" ind2=" ">
    <subfield code="a">Landschaftsverband Rheinland</subfield>
    <subfield code="b">Archiv- und Museumsamt</subfield>
    <subfield code="b">Abteilung Archivberatungsstelle</subfield>
    <subfield code="A">GND</subfield>
    <subfield code="B">GND-94836338X</subfield>
    <subfield code="C">410</subfield>
  </datafield>
  <datafield tag="GKT" ind1="1" ind2=" ">
    <subfield code="a">Landschaftsverband Rheinland</subfield>
    <subfield code="b">Archiv- und Museumsamt</subfield>
    <subfield code="b">Archivberatungsstelle</subfield>
    <subfield code="A">GND</subfield>
    <subfield code="B">GND-94836338X</subfield>
    <subfield code="C">410</subfield>
  </datafield>
  <datafield tag="GKT" ind1="1" ind2=" ">
    <subfield code="a">Landschaftsverband Rheinland</subfield>
    <subfield code="b">Rheinisches Archiv- und Museumsamt</subfield>
    <subfield code="b">Archivberatungsstelle</subfield>
    <subfield code="A">GND</subfield>
    <subfield code="B">GND-94836338X</subfield>
    <subfield code="C">410</subfield>
  </datafield>
  <datafield tag="GKT" ind1="1" ind2=" ">
    <subfield code="a">Landschaftsverband Rheinland</subfield>
    <subfield code="b">Archives and Museums Office</subfield>
    <subfield code="A">GND</subfield>
    <subfield code="B">GND-94836338X</subfield>
    <subfield code="C">410</subfield>
  </datafield>
  <datafield tag="GKT" ind1="2" ind2=" ">
    <subfield code="a">Rhineland Archives and Museums Office</subfield>
    <subfield code="A">GND</subfield>
    <subfield code="B">GND-94836338X</subfield>
    <subfield code="C">410</subfield>
  </datafield>
  <datafield tag="GKT" ind1="2" ind2=" ">
    <subfield code="a">Archives and Museums Office</subfield>
    <subfield code="g">Landschaftsverband Rheinland</subfield>
    <subfield code="A">GND</subfield>
    <subfield code="B">GND-94836338X</subfield>
    <subfield code="C">410</subfield>
  </datafield>
  <datafield tag="GKT" ind1="1" ind2=" ">
    <subfield code="a">Landschaftsverband Rheinland</subfield>
    <subfield code="b">Archiv- und Museumsamt</subfield>
    <subfield code="b">Rheinische Archivberatung</subfield>
    <subfield code="A">GND</subfield>
    <subfield code="B">GND-94836338X</subfield>
    <subfield code="C">410</subfield>
  </datafield>
  <datafield tag="GKT" ind1="2" ind2=" ">
    <subfield code="a">RAMA</subfield>
    <subfield code="4">abku</subfield>
    <subfield code="4">http://d-nb.info/standards/elementset/gnd#abbreviatedNameForTheCorporateBody</subfield>
    <subfield code="w">r</subfield>
    <subfield code="i">Abkuerzung</subfield>
    <subfield code="e">Abkuerzung</subfield>
    <subfield code="A">GND</subfield>
    <subfield code="B">GND-94836338X</subfield>
    <subfield code="C">410</subfield>
  </datafield>
  <datafield tag="GSI" ind1="7" ind2=" ">
    <subfield code="a">http://d-nb.info/gnd/5180261-2</subfield>
    <subfield code="2">uri</subfield>
    <subfield code="A">GND</subfield>
    <subfield code="B">GND-94836338X</subfield>
    <subfield code="C">024</subfield>
  </datafield>
</record>
